{
  "leader": "03302cam a2200505Ia 4500",
  "fields": [
    {
      "001": "ocm52127586\\"
    },
    {
      "003": "OCoLC"
    },
    {
      "005": "20220103120332.0"
    },
    {
      "008": "030414s2003\\\\\\\\nyu\\\\\\\\\\\\b\\\\\\\\001\\0\\eng\\\\"
    },
    {
      "010": {
        "ind1": "\\",
        "ind2": "\\",
        "subfields": [
          {
            "a": "  2003050702"
          }
        ]
      }
    },
    {
      "040": {
        "ind1": "\\",
        "ind2": "\\",
        "subfields": [
          {
            "a": "DLC"
          },
          {
            "b": "eng"
          },
          {
            "c": "DLC"
          },
          {
            "d": "C#P"
          },
          {
            "d": "BAKER"
          },
          {
            "d": "BTCTA"
          },
          {
            "d": "YDXCP"
          },
          {
            "d": "IG#"
          },
          {
            "d": "BHL"
          },
          {
            "d": "YUS"
          },
          {
            "d": "OCLCQ"
          },
          {
            "d": "FVC"
          },
          {
            "d": "AU@"
          },
          {
            "d": "BDX"
          },
          {
            "d": "OCLCQ"
          },
          {
            "d": "FEM"
          },
          {
            "d": "OCLCQ"
          },
          {
            "d": "OCLCF"
          },
          {
            "d": "OCLCQ"
          }
        ]
      }
    },
    {
      "019": {
        "ind1": "\\",
        "ind2": "\\",
        "subfields": [
          {
            "a": "56545422"
          },
          {
            "a": "830204513"
          },
          {
            "a": "843772087"
          },
          {
            "a": "966191542"
          },
          {
            "a": "966895267"
          },
          {
            "a": "968102034"
          },
          {
            "a": "1001870115"
          },
          {
            "a": "1022697302"
          }
        ]
      }
    },
    {
      "020": {
        "ind1": "\\",
        "ind2": "\\",
        "subfields": [
          {
            "a": "0805071962"
          }
        ]
      }
    },
    {
      "020": {
        "ind1": "\\",
        "ind2": "\\",
        "subfields": [
          {
            "a": "9780805071962"
          }
        ]
      }
    },
    {
      "020": {
        "ind1": "\\",
        "ind2": "\\",
        "subfields": [
          {
            "a": "0805076921"
          },
          {
            "q": "(pbk.)"
          }
        ]
      }
    },
    {
      "020": {
        "ind1": "\\",
        "ind2": "\\",
        "subfields": [
          {
            "a": "9780805076929"
          },
          {
            "q": "(pbk.)"
          }
        ]
      }
    },
    {
      "035": {
        "ind1": "\\",
        "ind2": "\\",
        "subfields": [
          {
            "a": "(OCoLC)52127586"
          },
          {
            "z": "(OCoLC)56545422"
          },
          {
            "z": "(OCoLC)830204513"
          },
          {
            "z": "(OCoLC)843772087"
          },
          {
            "z": "(OCoLC)966191542"
          },
          {
            "z": "(OCoLC)966895267"
          },
          {
            "z": "(OCoLC)968102034"
          },
          {
            "z": "(OCoLC)1001870115"
          },
          {
            "z": "(OCoLC)1022697302"
          }
        ]
      }
    },
    {
      "042": {
        "ind1": "\\",
        "ind2": "\\",
        "subfields": [
          {
            "a": "pcc"
          }
        ]
      }
    },
    {
      "043": {
        "ind1": "\\",
        "ind2": "\\",
        "subfields": [
          {
            "a": "n-us---"
          }
        ]
      }
    },
    {
      "050": {
        "ind1": "0",
        "ind2": "0",
        "subfields": [
          {
            "a": "HV91"
          },
          {
            "b": ".G37 2003"
          }
        ]
      }
    },
    {
      "082": {
        "ind1": "0",
        "ind2": "4",
        "subfields": [
          {
            "a": "330.973"
          },
          {
            "b": "GAU"
          }
        ]
      }
    },
    {
      "100": {
        "ind1": "1",
        "ind2": "\\",
        "subfields": [
          {
            "a": "Gaudiani, Claire."
          }
        ]
      }
    },
    {
      "245": {
        "ind1": "1",
        "ind2": "4",
        "subfields": [
          {
            "a": "The greater good :"
          },
          {
            "b": "how philanthropy drives the American economy and can save capitalism /"
          },
          {
            "c": "Claire Gaudiani."
          }
        ]
      }
    },
    {
      "250": {
        "ind1": "\\",
        "ind2": "\\",
        "subfields": [
          {
            "a": "1st ed."
          }
        ]
      }
    },
    {
      "260": {
        "ind1": "\\",
        "ind2": "\\",
        "subfields": [
          {
            "a": "New York :"
          },
          {
            "b": "Times Books/Henry Holt,"
          },
          {
            "c": "2003."
          }
        ]
      }
    },
    {
      "300": {
        "ind1": "\\",
        "ind2": "\\",
        "subfields": [
          {
            "a": "288 pages ;"
          },
          {
            "c": "22 cm"
          }
        ]
      }
    },
    {
      "336": {
        "ind1": "\\",
        "ind2": "\\",
        "subfields": [
          {
            "a": "text"
          },
          {
            "b": "txt"
          },
          {
            "2": "rdacontent"
          }
        ]
      }
    },
    {
      "337": {
        "ind1": "\\",
        "ind2": "\\",
        "subfields": [
          {
            "a": "unmediated"
          },
          {
            "b": "n"
          },
          {
            "2": "rdamedia"
          }
        ]
      }
    },
    {
      "338": {
        "ind1": "\\",
        "ind2": "\\",
        "subfields": [
          {
            "a": "volume"
          },
          {
            "b": "nc"
          },
          {
            "2": "rdacarrier"
          }
        ]
      }
    },
    {
      "504": {
        "ind1": "\\",
        "ind2": "\\",
        "subfields": [
          {
            "a": "Includes bibliographical references (pages 257-269) and index."
          }
        ]
      }
    },
    {
      "505": {
        "ind1": "0",
        "ind2": "\\",
        "subfields": [
          {
            "a": "Introduction: how philanthropy saves American capitalism -- Democracy, capitalism, and generosity: the fragile balance -- Making the most of people through education: human capital, part one -- Making the most of people through education: human capital, part two -- Expanding the built environment: physical capital -- Advancing new ideas: intellectual capital -- Generosity and the future of democratic capitalism -- The challenge of America's wealth and the coming wealth transfer -- The challenge of diversity -- Dangerous donations -- Working solutions -- A philanthropic revolution."
          }
        ]
      }
    },
    {
      "520": {
        "ind1": "\\",
        "ind2": "\\",
        "subfields": [
          {
            "a": "Includes information on African Americans, Buddhism/Buddhists, capitalism, children, citizen generosity, community foundations, democracy, economic growth, education, European Americans, founding fathers generosity, government funding, home ownership, human capital, immigrants/immigration, National Foundation for Infantile Paralysis, Native Americans, physical capital, the poor, quality of life, Scholarship America, scholarships, social health, social problems, taxes, Teach for America, United Negro College Fund, United Way, upward mobility, volunteering, wealth, well-being, women, etc."
          }
        ]
      }
    },
    {
      "650": {
        "ind1": "\\",
        "ind2": "0",
        "subfields": [
          {
            "a": "Charities"
          },
          {
            "x": "Economic aspects"
          },
          {
            "z": "United States."
          }
        ]
      }
    },
    {
      "650": {
        "ind1": "\\",
        "ind2": "0",
        "subfields": [
          {
            "a": "Endowments"
          },
          {
            "x": "Economic aspects"
          },
          {
            "z": "United States."
          }
        ]
      }
    },
    {
      "650": {
        "ind1": "\\",
        "ind2": "0",
        "subfields": [
          {
            "a": "Generosity"
          },
          {
            "x": "Economic aspects."
          }
        ]
      }
    },
    {
      "650": {
        "ind1": "\\",
        "ind2": "0",
        "subfields": [
          {
            "a": "Capitalism"
          },
          {
            "z": "United States."
          }
        ]
      }
    },
    {
      "650": {
        "ind1": "\\",
        "ind2": "7",
        "subfields": [
          {
            "a": "Capitalism."
          },
          {
            "2": "fast"
          },
          {
            "0": "(OCoLC)fst00846425"
          }
        ]
      }
    },
    {
      "650": {
        "ind1": "\\",
        "ind2": "7",
        "subfields": [
          {
            "a": "Charities"
          },
          {
            "x": "Economic aspects."
          },
          {
            "2": "fast"
          },
          {
            "0": "(OCoLC)fst00852414"
          }
        ]
      }
    },
    {
      "650": {
        "ind1": "\\",
        "ind2": "7",
        "subfields": [
          {
            "a": "Endowments"
          },
          {
            "x": "Economic aspects."
          },
          {
            "2": "fast"
          },
          {
            "0": "(OCoLC)fst00909859"
          }
        ]
      }
    },
    {
      "651": {
        "ind1": "\\",
        "ind2": "7",
        "subfields": [
          {
            "a": "United States."
          },
          {
            "2": "fast"
          },
          {
            "0": "(OCoLC)fst01204155"
          }
        ]
      }
    },
    {
      "856": {
        "ind1": "4",
        "ind2": "2",
        "subfields": [
          {
            "3": "Contributor biographical information"
          },
          {
            "u": "http://catdir.loc.gov/catdir/bios/hol052/2003050702.html"
          }
        ]
      }
    },
    {
      "856": {
        "ind1": "4",
        "ind2": "2",
        "subfields": [
          {
            "3": "Publisher description"
          },
          {
            "u": "http://catdir.loc.gov/catdir/description/hol032/2003050702.html"
          }
        ]
      }
    },
    {
      "994": {
        "ind1": "\\",
        "ind2": "\\",
        "subfields": [
          {
            "a": "Z0"
          },
          {
            "b": "NYRVC"
          }
        ]
      }
    },
    {
      "948": {
        "ind1": "\\",
        "ind2": "\\",
        "subfields": [
          {
            "h": "NO HOLDINGS IN NYRVC - 418 OTHER HOLDINGS"
          }
        ]
      }
    },
    {
      "999": {
        "ind1": "\\",
        "ind2": "\\",
        "subfields": [
          {
            "a": "00000000018572"
          }
        ]
      }
    }
  ]
}